@article{schneider:17,
	Author = {Schneider, A.~S. and Roberts, L.~F. and Ott, C.~D.},
	Doi = {},
	Issn = {},
	Journal = {Phys. Rev. C},
	Number = {},
	Pages = {},
	Title = "{A New Open-Source Nuclear Equation of State Framework based on the Liquid-Drop Model with Skyrme Interaction}",
	Url = {},
	Volume = {(to be submitted)},
	Year = {2017},
	Bdsk-Url-1 = {},
	Bdsk-Url-2 = {}}


@article{lattimer:91,
	Author = {Lattimer, J.~M. and Swesty, F.~D.},
	Doi = {http://dx.doi.org/10.1016/0375-9474(91)90452-C},
	Issn = {0375-9474},
	Journal = {Nucl. Phys. A},
	Pages = {331 - 376},
	Title = "{A Generalized Equation of State for Hot, Dense Matter}",
	Url = {http://www.sciencedirect.com/science/article/pii/037594749190452C},
	Volume = {535},
	Year = {1991},
	Bdsk-Url-1 = {http://www.sciencedirect.com/science/article/pii/037594749190452C},
	Bdsk-Url-2 = {http://dx.doi.org/10.1016/0375-9474(91)90452-C}}

@ARTICLE{oconnor:10,
   author = {{O'Connor}, E. and {Ott}, C.~D.},
    title = "{A New Open-Source Code for Spherically Symmetric Stellar Collapse to Neutron Stars and Black Holes}",
  journal = {Class. Quantum Grav.},
archivePrefix = "arXiv",
   eprint = {0912.2393},
 primaryClass = "astro-ph.HE",
     year = 2010,
    month = jun,
   volume = 27,
   number = 11,
      eid = {114103},
    pages = {114103},
      doi = {10.1088/0264-9381/27/11/114103},
   adsurl = {http://adsabs.harvard.edu/abs/2010CQGra..27k4103O},
  adsnote = {Provided by the SAO/NASA Astrophysics Data System}
}

@article{cyburt:10,
	Author = {Richard H. Cyburt and A. Matthew Amthor and Ryan Ferguson and Zach Meisel and Karl Smith and Scott Warren and Alexander Heger and Rob D. Hoffman and Thomas Rauscher and Alexander Sakharuk and Hendrik Schatz and F. K. Thielemann and Michael Wiescher},
	Journal = {Astrophys. J. Suppl. Ser.},
	Number = {1},
	Pages = {240},
	Title = "{The JINA REACLIB Database: Its Recent Updates and Impact on Type-I X-ray Bursts}",
	Url = {http://stacks.iop.org/0067-0049/189/i=1/a=240},
	Volume = {189},
	Year = {2010},
	Bdsk-Url-1 = {http://stacks.iop.org/0067-0049/189/i=1/a=240}}


@ARTICLE{MESA,
   author = {{Paxton}, B. and {Bildsten}, L. and {Dotter}, A. and {Herwig}, F. and
	{Lesaffre}, P. and {Timmes}, F.},
    title = "{Modules for Experiments in Stellar Astrophysics (MESA)}",
  journal = {Astrophys. J. Suppl. Ser.},
archivePrefix = "arXiv",
   eprint = {1009.1622},
 primaryClass = "astro-ph.SR",
 keywords = {methods: numerical, stars: evolution, stars: general},
     year = 2011,
    month = jan,
   volume = 192,
      eid = {3},
    pages = {3},
      doi = {10.1088/0067-0049/192/1/3},
   adsurl = {http://adsabs.harvard.edu/abs/2011ApJS..192....3P},
}

@article{timmes:99,
	Adsnote = {Provided by the SAO/NASA Astrophysics Data System},
	Adsurl = {http://adsabs.harvard.edu/abs/1999ApJS..125..277T},
	Author = {{Timmes}, F.~X. and {Arnett}, D.},
	Doi = {10.1086/313271},
	Journal = {Astrophys. J. Suppl. Ser.},
	Keywords = {EQUATION OF STATE, HYDRODYNAMICS, METHODS: NUMERICAL, STARS: GENERAL, STARS: INTERIORS, Equation of State, Hydrodynamics, Methods: Numerical, Stars: General, Stars: Interiors},
	Month = nov,
	Pages = {277-294},
	Title = {{The Accuracy, Consistency, and Speed of Five Equations of State for Stellar Hydrodynamics}},
	Volume = 125,
	Year = 1999,
	Bdsk-Url-1 = {http://dx.doi.org/10.1086/313271},
	Bdsk-Url-2 = {http://adsabs.harvard.edu/abs/1999ApJS..125..277T}}
	
@article{fukushima:15,
	Author = {Fukushima, T.},
	Doi = {http://dx.doi.org/10.1016/j.amc.2015.03.015},
	Issn = {0096-3003},
	Journal = {Appl. Math. Comput.},
	Keywords = {Rational function approximation},
	Pages = {698 - 707},
	Title = {Precise and fast computation of inverse Fermi--Dirac integral of order 1/2 by minimax rational function approximation},
	Url = {http://www.sciencedirect.com/science/article/pii/S0096300315003094},
	Volume = {259},
	Year = {2015},
	Bdsk-Url-1 = {http://www.sciencedirect.com/science/article/pii/S0096300315003094},
	Bdsk-Url-2 = {http://dx.doi.org/10.1016/j.amc.2015.03.015}}

@article{fukushima:15b,
	Author = {Fukushima, T.},
	Doi = {http://dx.doi.org/10.1016/j.amc.2015.03.009},
	Issn = {0096-3003},
	Journal = {Appl. Math. Comput.},
	Keywords = {Sommerfeld expansion},
	Pages = {708 - 729},
	Title = {Precise and fast computation of Fermi--Dirac integral of integer and half integer order by piecewise minimax rational approximation},
	Url = {http://www.sciencedirect.com/science/article/pii/S0096300315003033},
	Volume = {259},
	Year = {2015},
	Bdsk-Url-1 = {http://www.sciencedirect.com/science/article/pii/S0096300315003033},
	Bdsk-Url-2 = {http://dx.doi.org/10.1016/j.amc.2015.03.009}}
	
@online{hasselman:16,
	Author = {Hasselman,~B.},
	Title = {Package "nleqslv"},
	Url = {https://cran.r-project.org/web/packages/nleqslv/index.html},
	Urldate = {2016-02-01},
	Year = 2016,
	Bdsk-Url-1 = {https://cran.r-project.org/web/packages/nleqslv/index.html}}